<?xml version="1.0" encoding="UTF-8"?><collection xmlns="http://www.loc.gov/MARC21/slim"><record><leader>00355nam--2200133-i-4500</leader><controlfield tag="001">000025181</controlfield><controlfield tag="002">20161230</controlfield><controlfield tag="005">20161230201035</controlfield><controlfield tag="008">060222s1000------------r-----000-0-eng-d</controlfield><datafield ind1=" " ind2=" " tag="100"><subfield code="a">Cambel, A.B</subfield></datafield><datafield ind1=" " ind2=" " tag="245"><subfield code="a">Applied chaos theory. a paradigm for complexit y</subfield></datafield><datafield ind1=" " ind2=" " tag="260"><subfield code="a">Boston, Academic Press, Inc., 1993</subfield></datafield><datafield ind1=" " ind2=" " tag="490"><subfield code="a">Xviii + 246 P</subfield></datafield><datafield ind1=" " ind2=" " tag="852"><subfield code="a">530.182:517.957</subfield></datafield></record></collection>